@article{kevinwalker,
    author =       "Kevin Walker",
    title =        "Configuration Space of Linkages",
    year =         "1985",
    URL =          "https://canyon23.net/math/1985thesis.pdf"
}

@article{proofofclassification,
    author =       "Dianna Xu",
    title =        "Classification Theorem for Compact Spaces",
    year =         "2001",
    URL =          "https://repository.upenn.edu/cgi/viewcontent.cgi?article=1157&context=cis_reports"
}

